@book{Kosnikov,
	author = {Ю. Н. Косников},
	title = "Поверхостные модели в системах трехмерной компьютерной графики",
	year = 2007,
	publisher = "Пензенский государственный университет"
}

@book{Zadorozhnyi,
	author = {А. Г. Задорожный},
	title = "Модели освещения и алгоритмы затенения в компьютерной графике",
	year = 2020,
	publisher = "Новосибирский государственный технический университет"
}

@book{Merging_Morph,
	author = {Дж. Кент and У. Карлсон and Р. Парент},
	title = "Shape Transformation for Polyhedral Objects",
	year = 1992
}

@misc{
	REMOVE_FACES,
	title           = "Алгоритмы удаления невидимых линий и поверхностей [Электронный ресурс]",
	url             = "https://astro.tsu.ru/KGaG/text/5_6.html",
	urldate = {2024-09-10}
}

@article{
	LinearMorph,
	author = {Д. А. Дивеев and Е. Г. Хозе},
	title           = "Современные технологии трансформации изображений в изучении восприятия человека по выражению его лица",
	year = 2009
}

@article{
	DMorph,
	author = {А. Гласснер},
	title           = "DMorph",
	year            = 2003,
}

@book{
	FILL_FACES,
	author = {Д. Роджерс},
	title           = "Алгоритмические основы машинной графики",
	year = 1989,
	publisher = "Мир"
}

@misc{
	ZBuff,
	title           = "Алгоритм, использующий z-буфер [Электронный ресурс]",
	url             = "https://compgraph.tpu.ru/zbuffer.htm",
	urldate = {2024-09-30}
}

@book{
	RUST_IS_THE_BEST,
	author = {Дж. Блэнди and Дж. Орендорф},
	title           = "Программирование на языке Rust",
	year = 2018,
	publisher = "ДМК Пресс"
}

